@article{isaksen2015exploring,
  title={Exploring Game Space Using Survival Analysis},
  author={Isaksen, Aaron and Gopstein, Dan and Nealen, Andy},
  journal={Foundations of Digital Games},
  year={2015}
}

@article{isaksendiscovering,
  title={Discovering Unique Game Variants Paper type: Full Paper},
  author={Isaksen, Aaron and Gopstein, Dan and Togelius, Julian and Nealen, Andy},
  journal={Computational Creativity and Games Workshop},
  year={2015}
}

@article{nelson2015rules,
  title={Rules and mechanics},
  author={Nelson, Mark J and Togelius, Julian and Browne, Cameron B and Cook, Michael},
  journal={Procedural Content Generation in Games},
  year={2015},
  publisher={Springer}
}

@inproceedings{cook2011multi,
  title={Multi-faceted evolution of simple arcade games.},
  author={Cook, Michael and Colton, Simon},
  booktitle={CIG},
  pages={289--296},
  year={2011}
}

@inproceedings{yannakakis2006modeling,
  title={Modeling children's entertainment in the playware playground},
  author={Yannakakis, Georgios N and Lund, Henrik Hautop and Hallam, John},
  booktitle={Computational Intelligence and Games, 2006 IEEE Symposium on},
  pages={134--141},
  year={2006},
  organization={IEEE}
}

@article{procci2012measuring,
  title={Measuring the flow experience of gamers: An evaluation of the DFS-2},
  author={Procci, Katelyn and Singer, Allysa R and Levy, Katherine R and Bowers, Clint},
  journal={Computers in Human Behavior},
  volume={28},
  number={6},
  pages={2306--2312},
  year={2012},
  publisher={Elsevier}
}

@article{ibanez2011adaptive,
  title={Adaptive two-player videogames},
  author={Ib{\'a}{\~n}ez, Jes{\'u}s and Delgado-Mata, Carlos},
  journal={Expert Systems with Applications},
  volume={38},
  number={8},
  pages={9157--9163},
  year={2011},
  publisher={Elsevier}
}

@article{donchin1989learning,
  title={The learning strategies program: An examination of the strategies in skill acquisition},
  author={Donchin, Emanuel and Fabiani, Monica and Sanders, A},
  journal={Acta Psychologica, 71},
  year={1989}
}

@article{boot2015video,
  title={Video games as tools to achieve insight into cognitive processes},
  author={Boot, Walter R},
  journal={Frontiers in psychology},
  volume={6},
  year={2015},
  publisher={Frontiers Media SA}
}

@article{rabbitt1989space,
  title={Space Fortress as an IQ test? Predictions of learning and of practised performance in a complex interactive video-game},
  author={Rabbitt, Patrick and Banerji, Nicole and Szymanski, Alex},
  journal={Acta Psychologica},
  volume={71},
  number={1},
  pages={243--257},
  year={1989},
  publisher={Elsevier}
}

@article{lyle2008handedness,
  title={Handedness is related to memory via hemispheric interaction: evidence from paired associate recall and source memory tasks.},
  author={Lyle, Keith B and McCabe, David P and Roediger III, Henry L},
  journal={Neuropsychology},
  volume={22},
  number={4},
  pages={523},
  year={2008},
  publisher={American Psychological Association}
}

@article{cazzato2010gender,
  title={Gender differences in visuospatial planning: An eye movements study},
  author={Cazzato, Valentina and Basso, Demis and Cutini, Simone and Bisiacchi, Patrizia},
  journal={Behavioural brain research},
  volume={206},
  number={2},
  pages={177--183},
  year={2010},
  publisher={Elsevier}
}

@article{stigler1986digit,
  title={Digit memory in Chinese and English: Evidence for a temporally limited store},
  author={Stigler, James W and Lee, Shin-Ying and Stevenson, Harold W},
  journal={Cognition},
  volume={23},
  number={1},
  pages={1--20},
  year={1986},
  publisher={Elsevier}
}

@article{templer2014relationship,
  title={The relationship between IQ and climatic variables in African and Eurasian countries},
  author={Templer, Donald I and Stephens, John S},
  journal={Intelligence},
  volume={46},
  pages={169--178},
  year={2014},
  publisher={Elsevier}
}

@article{greiner2014assessment,
  title={Assessment of mental chronometry (MC) in healthy subjects},
  author={Greiner, Johanna and Schoenfeld, Mircea Ariel and Liepert, Joachim},
  journal={Archives of gerontology and geriatrics},
  volume={58},
  number={2},
  pages={226--230},
  year={2014},
  publisher={Elsevier}
}

@INPROCEEDINGS{6374161, 
author={Powley, E.J. and Whitehouse, D. and Cowling, P.I.}, 
booktitle={Computational Intelligence and Games (CIG), 2012 IEEE Conference on}, 
title={Monte Carlo Tree Search with macro-actions and heuristic route planning for the Physical Travelling Salesman Problem}, 
year={2012}, 
month={Sept}, 
pages={234-241}, 
keywords={Monte Carlo methods;computer games;continuous systems;decision making;decision trees;path planning;travelling salesman problems;tree searching;2012 WCCI PTSP Competition;MCTS;Monte Carlo tree search;coarse-grained route;decision making;decision tree;domain-specific algorithm;fine-grained path;heuristic route planning;macroaction;movement control;movement planning;path planning problem;physical travelling salesman problem;simulated continuous real-time domain;steering problem;video game;Artificial intelligence;Decision trees;Games;Humans;Marine vehicles;Planning;Real-time systems}, 
doi={10.1109/CIG.2012.6374161},}